[gd_scene load_steps=12 format=2]

[ext_resource path="res://scenes/Camera_gimbal.tscn" type="PackedScene" id=1]
[ext_resource path="res://scripts/scene_test_cube_import.gd" type="Script" id=2]

[sub_resource type="PlaneMesh" id=1]

[sub_resource type="Curve3D" id=2]
_data = {
"points": PoolVector3Array( 0, 0, 0, 0, 0, 0, -8, 0, -16, 0, 0, -8, 0, 0, 8, 0, 0, -8, 0, 0, 0, 0, 0, 0, -8, 0, 0, 0, 0, 8, 0, 0, -8, -16, 0, -8, 0, 0, 0, 0, 0, 0, -8, 0, -16 ),
"tilts": PoolRealArray( 0, 0, 0, 0, 0 )
}

[sub_resource type="SphereMesh" id=3]

[sub_resource type="SphereMesh" id=4]

[sub_resource type="SphereShape" id=9]

[sub_resource type="SphereMesh" id=10]

[sub_resource type="SpatialMaterial" id=11]
albedo_color = Color( 1, 0, 0, 1 )

[sub_resource type="CylinderMesh" id=7]
top_radius = 0.001
bottom_radius = 1.3

[sub_resource type="SpatialMaterial" id=8]
albedo_color = Color( 1, 0, 0, 1 )

[node name="Spatial" type="Spatial"]
script = ExtResource( 2 )

[node name="Camera_gimbal" parent="." instance=ExtResource( 1 )]
transform = Transform( 1.2, 0, 0, 0, 1.05197, 0.57737, 0, -0.57737, 1.05197, 0, 4, 0 )

[node name="plane" type="MeshInstance" parent="."]
transform = Transform( 10, 0, 0, 0, 1, 0, 0, 0, 10, 0, -1, 0 )
mesh = SubResource( 1 )
material/0 = null

[node name="Path" type="Path" parent="plane"]
transform = Transform( 0.1, 0, 0, 0, 1, 0, 0, 0, 0.1, 0.8, 1, 0.8 )
curve = SubResource( 2 )

[node name="PathFollow" type="PathFollow" parent="plane/Path"]
transform = Transform( 0.0334971, 0, 0.9994, 0, 1, 0, -0.999439, 0, 0.0334958, -8, 0, -16 )
rotation_mode = 4
loop = false

[node name="Position3D" type="Position3D" parent="plane/Path/PathFollow"]

[node name="mini_sphere" type="MeshInstance" parent="plane/Path/PathFollow/Position3D"]
transform = Transform( 0.5, 0, 0, 0, 0.5, 0, 0, 0, 0.5, 0, 0, 0 )
mesh = SubResource( 3 )
material/0 = null

[node name="Path2" type="Path" parent="plane"]
transform = Transform( 0.1, 0, 0, 0, 1, 0, 0, 0, 0.1, 0.8, 5, 0.8 )
curve = SubResource( 2 )

[node name="PathFollow" type="PathFollow" parent="plane/Path2"]
transform = Transform( 0.0334971, 0, 0.999399, 0, 1, 0, -0.999439, 0, 0.0334957, -8, 0, -16 )
rotation_mode = 4
loop = false

[node name="Position3D" type="Position3D" parent="plane/Path2/PathFollow"]
transform = Transform( 1, 0, -3.72529e-09, 0, 1, 0, 0, 0, 1, 0, 0, 0 )

[node name="mini_sphere" type="MeshInstance" parent="plane/Path2/PathFollow/Position3D"]
transform = Transform( 0.5, 0, 0, 0, 0.5, 0, 0, 0, 0.5, 0, 0, 0 )
mesh = SubResource( 4 )
material/0 = null

[node name="sphere" type="KinematicBody" parent="."]
transform = Transform( -4.37114e-08, 0, 0.999961, 0, 1, 0, -1, 0, -4.37097e-08, 0, 0, -8 )

[node name="CollisionShape" type="CollisionShape" parent="sphere"]
shape = SubResource( 9 )

[node name="MeshInstance" type="MeshInstance" parent="sphere"]
mesh = SubResource( 10 )
material/0 = SubResource( 11 )

[node name="nose" type="MeshInstance" parent="sphere/MeshInstance"]
transform = Transform( 0.7, -2.23517e-08, 1.22125e-15, 0, -3.0598e-08, -0.7, 0, 0.699999, -3.0598e-08, 0, 0, 1.1 )
mesh = SubResource( 7 )
material/0 = SubResource( 8 )
